%% This BibTeX bibliography 
%% Editor de referências Bibtex online: http://truben.no/latex/bibtex/

%% Saved with string encoding Unicode (UTF-8) 


%% ONLINE

@ONLINE {
	guia,
	author = "Douglas Tybel" ,
	title =  "Qual A Diferença Entre Apêndice E Anexo",
	url = "https://guiadamonografia.com.br/qual-diferenca-entre-apendice-e-anexo/",
	urlaccessdate = "22/09/2018",
	year = "2018"
}

@ONLINE {
	ctan,
	author = "CTAN",
	title = "Comprehensive TeX Archive Network",
	url = "http://www.ctan.org/",
	urlaccessdate = "06/10/2018"
}

%% LIVRO

@BOOK {
	signal,
	author = "Sanjit K. Mitra",
	title = "Digital Signal Processing - A Computer-Based Approach.",
	publisher = "The McGraw-Hill Companies",
	year = "1998"
}

%%----------

%% -- Ordenar referencias por: Livros, Artigos, Trabalhos Acadêmicos, Sites e outros veículos online.